@misc{strayer_2016,
      title={The Great Out-of-State Migration: Where Students Go},
      url={https://www.nytimes.com/interactive/2016/08/26/us/college-student-migration.html},
      journal={The New York Times}, publisher={The New York Times},
      author={Strayer, Nick},
      year={2016},
      month={Aug}
}
@misc{bramson_2014,
      title={Yik Yak bullying leads districts to ban app},
      url={http://kxan.com/2014/09/29/yik-yak-bullying-leads-districts-to-ban-app/},
      journal={KXAN.com},
      publisher={KXAN},
      author={Bramson, Lindsay},
      year={2014},
      month={Sep}
}
